@ARTICLE{Agalceva2012,
	author = {Агальцева Н.А., and Рахматова Н.И.},
	title = {Засуха в Узбекистане: проблемы, раннее предупреждение и смягчение последствий},
	journal = {Экологический вестник},
	address = {Ташкент},
	year = {2012},
	volume = {1},
	pages = {23-28},
	language = {russian},
}

@CONFERENCE{Rakhmatova2017,
	author = {Rakhmatova N.I. and Shardakova L.Yu. and Taryannikova. and R.V., and Chub V.E.},
	title = {Indicators of Desertification Monitoring in Uzbekistan},
	booktitle = {Rational Use of Land Resources under Conditions of Changing Environment. Collection of Reports of the Republican Scientific Practical Seminar},
	address = {Tashkent},
	year = {2017},
	pages = {77-82},
	language = {english},
}