@BOOK{Zasuha2013,
	author 		= {},
	title 		= {Засуха. Ситуативный анализ по Узбекистану},
	address 	= {},
	publisher 	= {VA-12-LAND\&WATER-UZB},
	year 		= {2013},
	numpages 	= {},
	language 	= {russian}
}

@TECHREPORT{Zasuha2005,
	author       = {},
	title        = {Засуха. Оценка управления и смягчения эффектов для стран Центральной Азии и Кавказа},
	institution  = {Всемирный банк},
	year         = {2005},
	number       = {№31998-ECA},
	address      = {},
	month        = {},
	note         = {},
	language     = {russian}
}

@BOOK{Chub2007,
	author 		= {Чуб, В.Е.},
	title 		= {Изменение климата и его влияние на гидрометеорологические процессы, сельское хозяйство и водные ресурсы Республики Узбекистан},
	address 	= {НИИГМИ, Ташкент},
	publisher 	= {Узгидромет},
	year 		= {2007},
	numpages 	= {132},
	language 	= {russian}
}

@BOOK{Chub2001,
	author = {Чуб, В.Е.},
	title = {Изменение климата и его влияние  на потенциал природных ресурсов Республики Узбекистан},
	address = {НИИГМИ, Ташкент},
	publisher = {Узгидромет},
	year = {2001},
	numpages = {252},
	language = {russian}
}

@BOOK{NatSoob2,
	author 		= {},
	title 		= {Второе Национальное сообщение Республики Узбекистан по Рамочной Конвенции Изменения климата},
	address 	= {Ташкент},
	publisher 	= {},
	year 		= {2008},
	numpages 	= {206},
	language 	= {russian}
}

@BOOK{NatSoob3,
	author 		= {},
	title 		= {Третье Национальное сообщение Республики Узбекистан по Рамочной Конвенции Изменения климата},
	address 	= {Ташкент},
	publisher 	= {},
	year 		= {2008},
	numpages 	= {228},
	language 	= {russian}
}

@BOOK{OON2010,
	author 		= {},
	title 		= {Обзор результативности экологической деятельности Узбекистана – Второй обзор},
	address 	= {},
	publisher 	= {Европейская экономическая комиссия, ООН},
	year 		= {2010},
	numpages 	= {},
	language 	= {russian}
}

@TECHREPORT{WMO1090,
	author       = {},
	title        = {Руководство для пользователей стандартизированного индекса осадков ВМО-№1090},
	institution  = {},
	year         = {2012},
	number       = {},
	address      = {},
	month        = {},
	note         = {},
	language     = {russian}
}

@CONFERENCE{Agaltseva2004,
	author 		= {Agaltseva N.},
	title 		= {Forecasting of drought in Central Asia},
	booktitle 	= {Proc. International Conference on Advanced Modeling Techniques for Sustainable Management of Water Resources (AMTSMW-2004)},
	address 	= {Warangal: National Institute of Technology},
	year 		= {January 28-30, 2004.},
	pages 		= {},
	language	= {english},
}

@TECHREPORT{Myagkov2004,
	author       = {Myagkov S.},
	title        = {Stabilizing the land use system of the disadvantaged rural population in the Bukhara District by supporting the creation  of an early warning system against drought},
	institution  = {},
	year         = {2004},
	number       = {},
	address      = {},
	month        = {},
	note         = {},
	language     = {english}
}

@BOOK{Handbook2016,
	author 		= {Svoboda, M. and Fuchs, B.A.},
	title 		= {World Meteorological Organization (WMO) and Global Water Partnership (GWP), 2016: Handbook of Drought Indicators and Indices},
	address 	= {},
	publisher 	= {Integrated Drought Management Programme (IDMP), Integrated Drought Management Tools and Guidelines Series 2. Geneva},
	year 		= {2016},
	numpages 	= {},
	language 	= {english}
	}


@TECHREPORT{PROON2012,
	author       = {},
	title        = {Полномасштабная концепция системы раннего предупреждения засухи для Узбекистана},
	institution  = {Проект ПРООН «Управление климатическими рисками»},
	year         = {2012},
	number       = {},
	address      = {},
	month        = {},
	note         = {},
	language     = {russian}
	}
